
@article{vlissides_design_1995,
  title={Design patterns: Elements of reusable object-oriented software},
  author={Vlissides, John and Helm, R and Johnson, R and Gamma, E},
  journal={Reading: Addison-Wesley},
  volume={49},
  year={1995}
}

@inproceedings{holmgren_agent_2007,
	title = {An agent based simulator for production and transportation of products},
	url = {http://www.sea-mist.se/tek/jhm.nsf/bilagor/WCTR07_HolmgrenEtAl_pdf/},
	urldate = {2013-01-22},
	booktitle = {The 11th World Conference on Transport Research, Berkeley, {USA}},
	author = {Holmgren, J. and Davidsson, P. and Persson, J. A. and Ramstedt, L.},
	year = {2007},
	pages = {8–12},
	file = {WCTR07_HolmgrenEtAl.pdf:/filespace/people/g/gidden/.zotero/zotero/r4cvjg0j.default/zotero/storage/GG39CBMH/WCTR07_HolmgrenEtAl.pdf:application/pdf}
}

@article{swaminathan_modeling_1998,
	title = {Modeling Supply Chain Dynamics: A Multiagent Approach},
	volume = {29},
	url = {http://onlinelibrary.wiley.com.ezproxy.library.wisc.edu/doi/10.1111/j.1540-5915.1998.tb01356.x/abstract},
	number = {3},
	urldate = {2013-01-14},
	journal = {Decision Sciences},
	author = {Swaminathan, J. and Smith, S. and Sadeh, N},
	month = jul,
	year = {1998},
	pages = {607--632},
	file = {Modeling Supply Chain Dynamics: A Multiagent Approach - Swaminathan - 2007 - Decision Sciences - Wiley Online Library:/filespace/people/g/gidden/.zotero/zotero/r4cvjg0j.default/zotero/storage/HWQCKZTX/abstract.html:text/html}
}

@article{julka_agent-based_2002,
	title = {Agent-based supply chain management-1: framework},
	volume = {26},
	shorttitle = {Agent-based supply chain management—1},
	url = {http://www.sciencedirect.com/science/article/pii/S0098135402001503},
	number = {12},
	urldate = {2013-01-14},
	journal = {Computers \& Chemical Engineering},
	author = {Julka, N. and Srinivasan, R. and Karimi, I.},
	year = {2002},
	pages = {1755–1769},
	file = {science.pdf:/filespace/people/g/gidden/.zotero/zotero/r4cvjg0j.default/zotero/storage/52D778RT/science.pdf:application/pdf}
}

@article{van_der_zee_modeling_2005,
	title = {A modeling framework for supply chain simulation: Opportunities for improved decision making},
	volume = {36},
	shorttitle = {A modeling framework for supply chain simulation},
	url = {http://onlinelibrary.wiley.com/doi/10.1111/j.1540-5915.2005.00066.x/full},
	number = {1},
	urldate = {2013-01-14},
	journal = {Decision Sciences},
	author = {Van der Zee, D. J. and Van der Vorst, J.},
	year = {2005},
	pages = {65–95},
	file = {j.1540-5915.2005.00066.x.pdf:/filespace/people/g/gidden/.zotero/zotero/r4cvjg0j.default/zotero/storage/3SXJM52B/j.1540-5915.2005.00066.x.pdf:application/pdf}
}

@article{chatfield_multi-formalism_2007,
	title = {A multi-formalism architecture for agent-based, order-centric supply chain simulation},
	volume = {15},
	url = {http://www.sciencedirect.com/science/article/pii/S1569190X06000761},
	number = {2},
	urldate = {2013-01-14},
	journal = {Simulation Modelling Practice and Theory},
	author = {Chatfield, D. C. and Hayya, J. C. and Harrison, T. P.},
	year = {2007},
	pages = {153–174},
	file = {science.pdf:/filespace/people/g/gidden/.zotero/zotero/r4cvjg0j.default/zotero/storage/MBZCXHIP/science.pdf:application/pdf}
}

@book{mccarty_political_2007,
  title={Political game theory: an introduction},
  author={McCarty, Nolan and Meirowitz, Adam},
  year={2007},
  publisher={Cambridge University Press}
}

@article{nagurney_supply_2002,
title = "A supply chain network equilibrium model",
journal = "Transportation Research Part E: Logistics and Transportation Review",
volume = "38",
number = "5",
pages = "281 - 303",
year = "2002",
note = "",
issn = "1366-5545",
doi = "10.1016/S1366-5545(01)00020-5",
url = "http://www.sciencedirect.com/science/article/pii/S1366554501000205",
author = "Anna Nagurney and June Dong and Ding Zhang",
keywords = "Supply chains",
keywords = "Networks",
keywords = "Equilibrium",
keywords = "Variational inequalities",
keywords = "Decentralized decision-making"
}

@ARTICLE{song_nash_2002, 
author={Song, H. and Chen-Ching Liu and Lawarree, J.}, 
journal={Power Systems, IEEE Transactions on}, title={Nash equilibrium bidding strategies in a bilateral electricity market}, 
year={2002}, 
volume={17}, 
number={1}, 
pages={73-79}, 
keywords={electricity supply industry;game theory;power system economics;Nash equilibrium bidding strategy;bilateral electricity market;deregulation;game theory;generating companies;generic generating cost matrix;loads' willingness to pay vector;network optimization techniques;optimal assignment problem;power system economics;Contracts;Costs;Electricity supply industry;Electricity supply industry deregulation;Environmental economics;Game theory;Nash equilibrium;Power generation;Power generation economics;Sufficient conditions}, 
doi={10.1109/59.982195}, 
ISSN={0885-8950},}

@ARTICLE{mazumdar_fairness_1991 , 
author={Mazumdar, R. and Mason, L.G. and Douligeris, C.}, 
journal={Communications, IEEE Transactions on}, 
title={Fairness in network optimal flow control: optimality of product forms}, 
year={1991}, 
volume={39}, 
number={5}, 
pages={775-782}, 
keywords={game theory;optimisation;telecommunication networks;telecommunications control;Jackson network;Nash arbitration point;constrained optimization problem;convexity properties;delay constrained traffic;fairness;game theory;multiclass telecommunications;network optimal flow control;network optimization criterion;optimal operation point;pareto optimal;product forms;user performance objectives;user powers;user throughputs;Communication system traffic control;Constraint optimization;Degradation;Delay;Game theory;Intelligent networks;Optimal control;Telecommunication control;Telecommunication traffic;Throughput}, 
doi={10.1109/26.87140}, 
ISSN={0090-6778},}

@article{strotz_cardinal_1953,
	title = {Cardinal utility},
	url = {http://www.jstor.org/stable/10.2307/1831501},
	urldate = {2013-01-23},
	journal = {The American Economic Review},
	author = {Strotz, R. H.},
	year = {1953},
	pages = {384–397},
	file = {1831501.pdf:/filespace/people/g/gidden/.zotero/zotero/r4cvjg0j.default/zotero/storage/9NPW5ZFC/1831501.pdf:application/pdf}
}