@article{cyclus_v1.6,
	title = {Cyclus v1.6.0},
	url = {https://figshare.com/articles/code/Cyclus_v1_6_0/25752558/1},
	abstract = {Release 1.6.0 of the Cyclus Project:Cyclus is the next-generation agent-based nuclear fuel cycle simulator, providing flexibility to users and developers through a dynamic resource exchange solver and plug-in, user-developed agent framework.The goal of Cyclus is to enable a broad spectrum of fuel cycle simulation while providing a low barrier to entry for new users and agent developers. Cyclus engages with potential module developers and encourages them to join a vibrant community in an expanding ecosystem. Users and developers are always welcome and encouraged to use or contribute to the Cyclus project.},
	urldate = {2024-06-21},
	author = {Anderson, Aaron and Bachmann, Amanda M. and Bae, Jin Whan and Bhosale, Aditya and Bormann, Lewin and Caldwell-Overdier, Anna and Chandan, Snehal and Chee, Gwendolyn and Flanagan, Robert and Hodge, Ryan and Huff, Kathryn and Kleimenhagen, Kip and Krueger, Dean and McGarry, Meghan and Mouginot, Baptiste and Mummah, Katie and Nibbelink, Ben and Park, Gyutae and Redfoot, Emma and Robert, Yves and Schalz, Max and Scopatz, Anthony and Stomps, Jordan and Wang, Di and Wilson, Paul},
	month = may,
	year = {2024},
    journal = {figshare},
	doi = {10.6084/m9.figshare.25752558.v1},
	note = {Publisher: figshare},
	file = {Snapshot:C\:\\Users\\abachmann\\Zotero\\storage\\RQHBVGUW\\25752558.html:text/html},
}

@article{bcycamore_v1.6,
	title = {Cycamore v1.6.0},
	url = {https://figshare.com/articles/code/Cycamore_v1_6_0/26107069/1},
	abstract = {Release 1.6.0 of CYClus Additional MOdels REpositoryThe Cyclus team has developed a simple standard set of archetypes to support basic fuel cycle modeling situations. In most cases they implement very simple models and are useful for tutorials such as this, and as a standard way to model facilities that may be at the peripheral of a problem.},
	urldate = {2024-06-26},
	author = {Bachmann, Amanda and Bae, Jin Whan and Caldwell-Overdier, Anna and Chee, Gwendolyn and Fairhurst Agosta, Roberto and Flanagan, Robert and Glen, Adam and Huff, Kathryn and Mouginot, Baptiste and Mummah, Katie and Nibbelink, Ben and Opotowsky, Arrielle and Park, Gyutae and Schalz, Max and Scopatz, Anthony and Stomps, Jordan and Vilmante, Sonata and Wilson, Paul},
	month = may,
	year = {2024},
    journal = {figshare},
	doi = {10.6084/m9.figshare.26107069.v1},
	note = {Publisher: figshare},
	file = {Snapshot:C\:\\Users\\abachmann\\Zotero\\storage\\YB9A9DDX\\26107069.html:text/html},
}

@article{cymetric_v1.6,
	title = {Cymetric v1.6.0},
	url = {https://figshare.com/articles/code/Cymetric_v1_6_0/26107180/1},
	abstract = {Release 1.6.0 of CymetricAdd-on tool for the Cyclus project that assists in analyzing output by computing fuel cycle metrics.},
	language = {en},
	urldate = {2024-06-28},
	journal = {figshare},
	author = {Bachmann, Amanda and Caldwell-Overdier, Anna and Chee, Gwendolyn and Flanagan, Robert and Hartono, Luois and Huff, Kathryn and Mouginot, Baptiste and Mummah, Katie and Nibbelink, Ben and Scopatz, Anthony and Stomps, Jordan and Wilson, Paul},
	month = may,
	year = {2024},
	doi = {10.6084/m9.figshare.26107180.v1},
	note = {Publisher: figshare},
	file = {Snapshot:C\:\\Users\\abachmann\\Zotero\\storage\\V6PL76KS\\26107180.html:text/html},
}
@article{cyclus_v1.5.5,
author = "Anna Caldwell-Overdier and Gwendolyn Chee and Baptiste Mouginot and Jordan Stomps and Paul Wilson",
title = "{Cyclus v1.5.5}",
journal = "figshare",
year = "2020",
month = "01",
url = "https://doi.org/10.6084/m9.figshare.11619906.v1"
}

@article{cycamore_v1.5.5,
author = "Anna Caldwell-Overdier and Gwendolyn Chee and Roberto Fairhurst Agosta and Robert Flanagan and Baptiste Mouginot and Max Schalz and Jordan Stomps and Paul Wilson",
title = "{Cycamore v1.5.5}",
journal = "figshare",
year = "2020",
month = "01",
url = "https://doi.org/10.6084/m9.figshare.11619951.v1"
}

@article{cymetric_v1.5.5,
author = "Anna Caldwell-Overdier and Gwendolyn Chee and Baptiste Mouginot and Jordan Stomps and Paul Wilson",
title = "{Cymetric v1.5.5}",
journal = "figshare",
year = "2020",
month = "01",
url = "https://doi.org/10.6084/m9.figshare.11620047.v1"
}

@article{cyclus_v1.5,
author = "Robert Carlsen and Robert Flanagan and Matthew Gidden and Ryan Hodge and Meghan McGarry and Arrielle Opotowsky and Baptiste Mouginot and Anthony Scopatz and Paul Wilson",
title = "{Cyclus v1.5.0}",
journal = "figshare",
year = "2016",
month = "11",
url = "https://dx.doi.org/10.6084/m9.figshare.4312643.v2"
}

@article{cycamore_v1.5,
author = "Robert Carlsen and Robert Flanagan and Matthew Gidden and Kathryn Huff and Jenny Littell and Meghan McGarry and Baptiste Mouginot and Arrielle Opotowsky and Anthony Scopatz and Steve Skutnik and Paul Wilson",
title = "{Cycamore v1.5.0}",
journal = "figshare",
year = "2016",
month = "11",
url = "https://dx.doi.org/10.6084/m9.figshare.4312661.v1"
}

@article{cymetric_v1.5,
author = "Robert Carlsen and Matthew Gidden and Ryan Hodge and Baptiste Mouginot and Arrielle Opotowsky and Anthony Scopatz and Paul Wilson",
title = "{Cymetric v1.5.0}",
journal = "figshare",
year = "2016",
month = "11",
url = "https://dx.doi.org/10.6084/m9.figshare.4312664.v1"
}

@article{cyclus_v1.3,
author = "Robert Carlsen and Robert Flanagan and Matthew Gidden and Kathryn Huff and Meghan McGarry and Arrielle Opotowsky and Anthony Scopatz and Paul Wilson and John Xia",
title = "{Cyclus v1.3.0}",
journal = "figshare",
year = "2015",
month = "07",
url = "http://dx.doi.org/10.6084/m9.figshare.1427429"
}

@article{cycamore_v1.3,
author = "Robert Carlsen and Matthew Gidden and Meghan McGarry and Arrielle Opotowsky and Anthony Scopatz and Paul Wilson",
title = "{Cycamore v1.3.0}",
journal = "figshare",
year = "2015",
month = "05",
url = "http://dx.doi.org/10.6084/m9.figshare.1427430"
}

@article{cymetric_v1.3,
author = "Denia Djokic and Matthew Gidden and Arrielle Opotowsky and Anthony Scopatz",
title = "{Cymetric v1.3.0}",
journal = "figshare",
year = "2015",
month = "05",
url = "http://dx.doi.org/10.6084/m9.figshare.1427431"
}

@article{cyclus_v1.2,
author = "Robert Carlsen and Robert Flanagan and Matthew Gidden and Anthony Scopatz and John D. Xia",
title = "{Cyclus v1.2.0}",
journal = "figshare",
year = "2014",
month = "12",
url = "http://dx.doi.org/10.6084/m9.figshare.1256424"
}

@article{cycamore_v1.2,
author = "Robert Carlsen and Robert Flanagan and Matthew Gidden and Anthony Scopatz and John D. Xia",
title = "{Cycamore v1.2.0}",
journal = "figshare",
year = "2014",
month = "12",
url = "http://dx.doi.org/10.6084/m9.figshare.1256425"
}

@article{cyclus_v1.1,
author = "Robert Carlsen and Matthew Gidden and Kathryn Huff and Olzhas Rakhimov and Anthony Scopatz",
journal = "figshare",
title = "{Cyclus v1.1.0}",
year = "2014",
month = "09",
url = "http://dx.doi.org/10.6084/m9.figshare.1174603",
doi = "http://dx.doi.org/10.6084/m9.figshare.1174603"
}

@article{cycamore_v1.1,
author = "Robert Carlsen and Matthew Gidden and Kathryn Huff and  Arrielle Opotowsky and Olzhas Rakhimov and Anthony Scopatz and Paul Wilson",
journal = "figshare",
title = "{Cycamore v1.1.0}",
year = "2014",
month = "09",
url = "http://dx.doi.org/10.6084/m9.figshare.1174604"
}

@article{cyclus_v1.0,
author = {Robert W. Carlsen and Matthew Gidden and Kathryn Huff and  Arrielle C. Opotowsky and Olzhas Rakhimov and  Anthony M. Scopatz and Zach Welch and Paul Wilson},
journal = "figshare",
title = "{Cyclus v1.0.0}",
year = "2014",
month = "06",
doi = "http://dx.doi.org/10.6084/m9.figshare.1041745",
url = "http://dx.doi.org/10.6084/m9.figshare.1041745"
},

@article{cycamore_v1.0,
author = {Robert W. Carlsen and Matthew Gidden and Kathryn Huff and Arrielle C. Opotowsky and Olzhas Rakhimov and Anthony M. Scopatz and Paul Wilson},
journal = "figshare",
title = "{Cycamore v1.0.0}",
year = "2014",
month = "06",
doi = "http://dx.doi.org/10.6084/m9.figshare.1041829",
url = "http://dx.doi.org/10.6084/m9.figshare.1041829"
}
