@article{bachmann_enrichment_2021,
	title = {Enrichment dynamics for advanced reactor {HALEU} support},
	volume = {7},
	copyright = {© A. M. Bachmann et al., Published by EDP Sciences, 2021},
	issn = {2491-9292},
	url = {https://www.epj-n.org/articles/epjn/abs/2021/01/epjn210024/epjn210024.html},
	doi = {10.1051/epjn/2021021},
	language = {en},
	urldate = {2021-12-02},
	journal = {EPJ Nuclear Sciences \& Technologies},
	author = {Bachmann, Amanda M. and Fairhurst-Agosta, Roberto and Richter, Zoë and Ryan, Nathan and Munk, Madicken},
	year = {2021},
	note = {Publisher: EDP Sciences},
	pages = {22},
}

@article{huff_fundamental_2016,
	title = {Fundamental concepts in the {Cyclus} nuclear fuel cycle simulation framework},
	volume = {94},
	issn = {0965-9978},
	url = {http://www.sciencedirect.com/science/article/pii/S0965997816300229},
	doi = {10.1016/j.advengsoft.2016.01.014},
	language = {en},
	urldate = {2016-02-12},
	journal = {Advances in Engineering Software},
	author = {Huff, Kathryn D. and Gidden, Matthew J. and Carlsen, Robert W. and Flanagan, Robert R. and McGarry, Meghan B. and Opotowsky, Arrielle C. and Schneider, Erich A. and Scopatz, Anthony M. and Wilson, Paul P. H.},
	month = apr,
	year = {2016},
	note = {arXiv: 1509.03604},
	keywords = {Agent based modeling, Computer Science - Computational Engineering, Computer Science - Computational Engineering, Finance, and Science, Computer Science - Mathematical Software, Computer Science - Multiagent Systems, Computer Science - Software Engineering, D.2.13, D.2.4, Finance, I.6.7, I.6.8, Nuclear engineering, Nuclear fuel cycle, Object orientation, Simulation, Systems analysis, agent based modeling, and Science, nuclear engineering, simulation},
	pages = {46--59},
}


@article{bae_standardized_2019,
	title = {Standardized verification of the {Cyclus} fuel cycle simulator},
	volume = {128},
	issn = {0306-4549},
	url = {http://www.sciencedirect.com/science/article/pii/S0306454919300179},
	doi = {10.1016/j.anucene.2019.01.014},
	urldate = {2019-01-25},
	journal = {Annals of Nuclear Energy},
	author = {Bae, Jin Whan and Peterson-Droogh, Joshua L. and Huff, Kathryn D.},
	month = jun,
	year = {2019},
	keywords = {C, Finite elements, Hydrologic contaminant transport, MOOSE, Multiphysics, Nuclear fuel cycle, Object orientation, Parallel computing, Reactor physics, Simulation, Systems analysis, Verification, agent based modeling, nuclear engineering, repository},
	pages = {288--291},
}

@inproceedings{li_2015,
    address = {San Juan, Puerto Rico},
    title = {{Visualizing scientific data for lay audiences: 
            Effects of graphical characteristics on comprehension and 
            confidence in data quality.}},
    booktitle = {{International Communication Association (ICA)}},
    author = {Li, N. and Brossard, D. and Scheufele, D. A. and  Su, L. Y.-F.
              and Wilson, P. and Scopatz, A. },
    month = {May},
    year = {2015}
},


@inproceedings{gidden_agent-based_2014,
    address = {Kyoto, Japan},
    title = {Agent-Based Dynamic Resource Exchange in {C}yclus},
    booktitle = {Proceedings of {PHYSOR}},
    author = {Gidden, Matthew and Carlsen, Robert and Opotowsky, Arrielle
and Rakhimov, Olzhas and Scopatz, Anthony and Wilson, Paul},
    month = {Sep},
    year = {2014},
    keywords = {submitted}
},

@inproceedings{scopz_2014,
        address = {Salt Lake City, {UT}},
        title = {A Dynamic, Dependent Type System for Nuclear Fuel Cycle Code
Generation},
        booktitle = {Proceedings of {GLOBAL}},
        author = {Scopatz, Anthony},
        year = {2013}
},

@inproceedings{gidden_agent-based_2013,
	address = {Salt Lake City, {UT}, United States},
	title = {An Agent-Based Framework for Fuel Cycle Simulation with Recycling},
	booktitle = {Proceedings of {GLOBAL}},
	author = {Gidden, Matthew and Carlsen, Robert and Huff, Kathryn and Wilson, Paul},
	month = {Sep},
	year = {2013}
},

@inproceedings{huff_open_2011,
	title = {Open Architecture and Modular Paradigm of {C}yclus, a Fuel Cycle Simulation Code},
	volume = {104},
	booktitle = {Transactions of the American Nuclear Society},
	author = {Huff, Kathryn and Wilson, Paul and Gidden, Matthew},
	year = {2011},
	pages = {183}
},

@inproceedings{huff_cyclus_2013,
	address = {Salt Lake City, {UT}, United States},
	title = {{C}yclus Fuel Cycle Simulation Capabilities with the {C}yder 
          Disposal System Model},
	booktitle = {Proceedings of {GLOBAL}},
	author = {Huff, Kathryn},
	month = {Sep},
	year = {2013}
},

@inproceedings{gidden_once-through_2012,
	address = {San Diego, {CA}},
	title = {Once-Through Benchmarks with {C}yclus, a Modular, Open-Source Fuel Cycle Simulator},
	booktitle = {Proceedings of the 2012 {ANS} Winter Conference},
	author = {Gidden, Matthew and Wilson, Paul and Huff, Kathryn and
Carlsen, Robert},
	month = {Nov},
	year = {2012}
}, 

@inproceedings{gidden_developing_2013,
	address = {Atlanta, {GA}, United States},
	title = {Developing Standardized, Open Benchmarks and a Corresponding Specification Language for the Simulation of Dynamic Fuel Cycles},
	booktitle = {Proceedings of the 2013 {ANS} Summer Conference},
	author = {Gidden, Matthew and Wilson, Paul and Scopatz, Anthony},
	month = {Jun},
	year = {2013}
},

@phdthesis{huff_integrated_2013,
	title = {An Integrated Used Fuel Disposition and Generic Repository Model for Fuel Cycle Analysis},
	url = {http://gradworks.umi.com/35/92/3592735.html},
	urldate = {2013-12-16},
	school = {{THE} {UNIVERSITY} {OF} {WISCONSIN} - {MADISON}},
	author = {Huff, Kathryn D.},
	month = oct,
	year = {2013},
	keywords = {Geological engineering, Cyclus, Kathryn D., Nuclear Engineering, Nuclear Physics An Integrated Used Fuel Disposition and Generic Repository Model for Fuel Cycle Analysis {THE} {UNIVERSITY} {OF} {WISCONSIN} - {MADISON} Paul {P.H.} Wilson Huff}
}

@inproceedings{carlsen_deployment_2014,
	address = {Anaheim, {CA}},
	title = {Deployment Optimization with the {C}yclus Fuel Cycle Simulator},
	booktitle = {Proceedings of the 2014 {ANS} Winter Conference},
	author = {Carlsen, Robert, and Gidden, Matthew, and Wilson Paul},
	volume = {111},
	pages = {241--244},
	month = {Nov},
	year = {2014}
}

@inproceedings{huff_extensions_2014,
       address = {Anaheim, {CA}},
       title = {Extensions to the CYCLUS Ecosystem in Support of Market-Driven Transition Capability},
       booktitle = {Proceedings of the 2014 {ANS} Winter Conference},
       author = {Huff, Kathryn D. and Fratoni, Massimiliano and Greenberg, Harris R.},
       volume = {111},
       pages = {245--248},
       month = {Nov},
       year = {2014}
}
